@misc{billwagner_c,
  author = {BillWagner},
  title = {C# docs - get started, tutorials, reference.},
  url = {https://learn.microsoft.com/en-us/dotnet/csharp/},
  organization = {learn.microsoft.com}
}

@book{skeet_2019_c,
  author = {Skeet, Jon and Lippert, Eric},
  publisher = {Manning Publications Co},
  title = {C# in depth},
  year = {2019}
}

@book{arvindkumarbansal_2014_introduction,
  author = {Arvind Kumar Bansal},
  publisher = {Crc Press},
  title = {Introduction to programming languages},
  year = {2014}
}

@book{sharp_2015_microsoft,
  author = {Sharp, John},
  month = {10},
  publisher = {Microsoft Press},
  title = {Microsoft Visual C# Step by Step},
  year = {2015}
}

@book{albahari_2022_c,
  author = {Albahari, Joseph},
  publisher = {Cambridge O'reilly},
  title = {C# 10 in a nutshell the definitive reference},
  year = {2022}
}

@book{price_2021_c,
  author = {Price, Mark J.},
  publisher = {Packt Publishing, Limited},
  title = {C# 10 and . NET 6 - Modern Cross-Platform Development - Sixth Edition Build Apps, Websites, and Services with ASP. NET Core 6, Blazor, and EF Core 6 Using Visual Studio 2022 and Visual Studio Code},
  year = {2021}
}